@online{ply,
    author        = {PLY},
    title         = {Official Documentation},
    year          = {2021},
    url           = {https://ply.readthedocs.io/en/latest/}
}

@online{overleaf,
    author        = {Overleaf},
    title         = {Official Documentation},
    year          = {2021},
    url           = {https://www.overleaf.com/learn}
}

@online{html,
    author        = {HTML 5.2},
    title         = {W3C Recommendation},
    year          = {2021},
    url           = {https://www.w3.org/TR/html52/}
}